<record><leader>00000cas a22000007a 4500</leader><controlfield tag="001">28390165</controlfield><controlfield tag="008">930707d1910191uokuwr ne      0    0eng d</controlfield><datafield ind1=" " ind2=" " tag="010"><subfield code="a">sn 93066100 </subfield></datafield><datafield ind1=" " ind2=" " tag="040"><subfield code="a">OBN</subfield><subfield code="b">eng</subfield><subfield code="c">OBN</subfield><subfield code="d">OCLCQ</subfield></datafield><datafield ind1=" " ind2=" " tag="042"><subfield code="a">msc</subfield></datafield><datafield ind1="0" ind2=" " tag="130"><subfield code="a">Immigrant's guide (Kuhn, Okla.)</subfield></datafield><datafield ind1="1" ind2="4" tag="245"><subfield code="a">The Immigrant's guide.</subfield></datafield><datafield ind1=" " ind2=" " tag="260"><subfield code="a">Kuhn, Texas County, Okla. :</subfield><subfield code="b">Euphrates Boucher</subfield></datafield><datafield ind1=" " ind2=" " tag="300"><subfield code="a">v.</subfield></datafield><datafield ind1=" " ind2=" " tag="310"><subfield code="a">Weekly</subfield></datafield><datafield ind1="1" ind2=" " tag="362"><subfield code="a">Began in 1910.</subfield></datafield><datafield ind1=" " ind2=" " tag="500"><subfield code="a">Published in Postle, Okla., Feb. 20, 1913-May 15, 1913.</subfield></datafield><datafield ind1=" " ind2=" " tag="500"><subfield code="a">Published in Carthage, Okla., May 22, 1913-&lt;July 24, 1913&gt;.</subfield></datafield><datafield ind1=" " ind2=" " tag="588"><subfield code="a">Description based on: Vol. 1, no. 8 (May 26, 1910).</subfield></datafield><datafield ind1=" " ind2="4" tag="651"><subfield code="a">Kuhn (Okla.)</subfield><subfield code="v">Newspapers.</subfield></datafield><datafield ind1=" " ind2="4" tag="651"><subfield code="a">Postle (Okla.)</subfield><subfield code="v">Newspapers.</subfield></datafield><datafield ind1=" " ind2="4" tag="651"><subfield code="a">Carthage (Okla.)</subfield><subfield code="v">Newspapers.</subfield></datafield><datafield ind1=" " ind2="4" tag="651"><subfield code="a">Texas County (Okla.)</subfield><subfield code="v">Newspapers.</subfield></datafield><datafield ind1=" " ind2=" " tag="752"><subfield code="a">United States</subfield><subfield code="b">Oklahoma</subfield><subfield code="c">Texas</subfield><subfield code="d">Kuhn.</subfield></datafield><datafield ind1=" " ind2=" " tag="752"><subfield code="a">United States</subfield><subfield code="b">Oklahoma</subfield><subfield code="c">Texas</subfield><subfield code="d">Postle.</subfield></datafield><datafield ind1=" " ind2=" " tag="752"><subfield code="a">United States</subfield><subfield code="b">Oklahoma</subfield><subfield code="c">Texas</subfield><subfield code="d">Carthage.</subfield></datafield><datafield ind1="1" ind2=" " tag="029"><subfield code="a">AU@</subfield><subfield code="b">000025885380</subfield></datafield></record>